@Book{Pelagatti2015,
  author = 	 {Matteo Pelagatti},
  ALTeditor = 	 {},
  title = 	 {Time Series Modelling with Unobserved Components},
  publisher = 	 {CRCpress},
  year = 	 {2015}
  }

@Book{Harvey1989,
  author = 	 {Andrew C. Harvey},
  ALTeditor = 	 {},
  title = 	 {Forecasting, Structural Time Series Models and the
                  Kalman Filter},
  publisher = 	 {Cambridge University Press},
  year = 	 {1989},
  OPTkey = 	 {}
}

@Book{pollock99,
  author =	 {Pollock, D. S. G.},
  year =	 1999,
  title =	 {A Handbook of Time-Series Analysis, Signal
                  Processing and Dynamics},
  publisher =	 {Academic Press},
  address =	 {New York}
}

@Book{hamilton94,
  author =	 {Hamilton, James D.},
  year =	 1994,
  title =	 {Time Series Analysis},
  publisher =	 {Princeton University Press},
  address =	 {Princeton, NJ}
}

@Book{CK2007,
  author =	 {Jacques J.F. Commandeur and Siem Jan Koopman},
  year =	 2007,
  title =	 {An Introduction to State Space Time Series Analysis},
  publisher =	 {Oxford University Press}
  }

@Article{Jack2011,
  author={Lucchetti, Riccardo},
  title={{State Space Methods in gretl}},
  journal={Journal of Statistical Software},
  year=2011,
  volume={41},
  number={i11}
}

@Article{JSS2011,
  author =	 {Jacques J.F. Commandeur and Siem Jan Koopman and Marius Ooms},
  title={{Statistical Software for State Space Methods}},
  journal={Journal of Statistical Software},
  year=2011,
  volume={41},
  number={i11}
}

@article{Harvey1986,
  title={{The effects of seat belt legislation on British road casualties: A case study in structural time series modelling}},
  author={Harvey, Andrew C and Durbin, James},
  journal={Journal of the Royal Statistical Society. Series A (General)},
  pages={187--227},
  year={1986}
}

@BOOK{DK2012,
title = {Time Series Analysis by State Space Methods},
author = {Durbin, James and Koopman, Siem Jan},
year = {2012},
edition = {2},
publisher = {Oxford University Press}
}